@article{fuster2016bayesian,
  title={Bayesian network modeling: A case study of an epidemiologic system analysis of cardiovascular risk},
  author={Fuster-Parra, Pilar and Tauler, P and Bennasar-Veny, M and Lig{\k{e}}za, A and Lopez-Gonzalez, AA and Aguilo, A},
  journal={Computer methods and programs in biomedicine},
  volume={126},
  pages={128--142},
  year={2016},
  publisher={Elsevier}
}
@article{chen2017learning,
  title={Learning discrete Bayesian networks from continuous data},
  author={Chen, Yi-Chun and Wheeler, Tim A and Kochenderfer, Mykel J},
  journal={Journal of Artificial Intelligence Research},
  volume={59},
  pages={103--132},
  year={2017}
}
@inproceedings{friedman1996discretizing,
  title={Discretizing continuous attributes while learning Bayesian networks},
  author={Friedman, Nir and Goldszmidt, Moises and others},
  booktitle={ICML},
  pages={157--165},
  year={1996}
}
@article{boulle2006modl,
  title={MODL: a Bayes optimal discretization method for continuous attributes},
  author={Boull{\'e}, Marc},
  journal={Machine learning},
  volume={65},
  number={1},
  pages={131--165},
  year={2006},
  publisher={Springer}
}
@article{monti2013multivariate,
  title={A multivariate discretization method for learning Bayesian networks from mixed data},
  author={Monti, Stefano and Cooper, Gregory F},
  journal={arXiv preprint arXiv:1301.7403},
  year={2013}
}
@online{statokosvaltozok,
  author = {Statokos},
  title = {Statokos: Adatok és változók típusai},
  url = {https://www.statokos.com/adatok-es-valtozok-tipusai},
  year = {2021},
  addendum = {(elérés: 2021-05-10)}
}
@article{laszlo2011bayesi,
  title={Bayesi gondolkod{\'a}s a statisztik{\'a}ba},
  author={L{\'a}szl{\'o}, Hunyadi},
  journal={Statisztikai Szemle},
  volume={89},
  pages={10--11},
  year={2011}
}
@article{katayev2010establishing,
	title={Establishing reference intervals for clinical laboratory test results: is there a better way?},
	author={Katayev, Alex and Balciza, Claudiu and Seccombe, David W},
	journal={American journal of clinical pathology},
	volume={133},
	number={2},
	pages={180--186},
	year={2010},
	publisher={Oxford University Press Oxford, UK}
}
@book{grady1992practical,
  title={Practical software metrics for project management and process improvement},
  author={Grady, Robert B},
  year={1992},
  publisher={Prentice-Hall, Inc.}
}
@article{nojavan2017comparative,
  title={Comparative analysis of discretization methods in Bayesian networks},
  author={Nojavan, Farnaz and Qian, Song S and Stow, Craig A},
  journal={Environmental Modelling \& Software},
  volume={87},
  pages={64--71},
  year={2017},
  publisher={Elsevier}
}